@inproceedings{lu2008efficient,
  title={Efficient estimation of the size of text deep web data source},
  author={Lu, Jianguo},
  booktitle={Proceedings of the 17th ACM conference on Information and knowledge management},
  pages={1485--1486},
  year={2008},
  organization={ACM}
}

@article{madhavan2008google,
  title={Google's deep web crawl},
  author={Madhavan, Jayant and Ko, David and Kot, {\L}ucja and Ganapathy, Vignesh and Rasmussen, Alex and Halevy, Alon},
  journal={Proceedings of the VLDB Endowment},
  volume={1},
  number={2},
  pages={1241--1252},
  year={2008},
  publisher={VLDB Endowment}
}

@article{gupta2014comparative,
  title={A Comparative Study of Hidden Web Crawlers},
  author={Gupta, Sonali and Bhatia, Komal Kumar},
  journal={arXiv preprint arXiv:1407.5732},
  year={2014}
}

@inproceedings{wu2010learning,
  title={Learning to Surface Deep Web Content},
  author={Wu, Zhaohui and Jiang, Lu and Zheng, Qinghua and Liu, Jun},
  booktitle={Proceedings of the Twenty-Fourth AAAI Conference on Artificial Intelligence},
  pages={1967--1968},
  year={2010}
}

@article{yun2005improved,
  title={An improved TF-IDF approach for text classification},
  author={Yun-tao, Zhang and Ling, Gong and Yong-cheng, Wang},
  journal={Journal of Zhejiang University Science A},
  volume={6},
  number={1},
  pages={49--55},
  year={2005},
  publisher={Springer}
}

@article{goodfellow2013multi,
  title={Multi-digit number recognition from street view imagery using deep convolutional neural networks},
  author={Goodfellow, Ian J and Bulatov, Yaroslav and Ibarz, Julian and Arnoud, Sacha and Shet, Vinay},
  journal={arXiv preprint arXiv:1312.6082},
  year={2013}
}

